
@book{hatcher,
    AUTHOR = {Hatcher, Allen},
     TITLE = {Algebraic topology},
 PUBLISHER = {Cambridge University Press, Cambridge},
      YEAR = {2002},
     PAGES = {xii+544},
     URL = {https://pi.math.cornell.edu/~hatcher/AT/AT.pdf}
}

@book{tomdieck,
    AUTHOR = {Tom Dieck, Tammo},
     TITLE = {Algebraic Topology},
    SERIES = {EMS Textbooks in Mathematics},
 PUBLISHER = {European Mathematical Society},
      YEAR = {2008},
}

%@book{bott-tu,
%    AUTHOR = {Bott, Raoul and Tu, Loring W.},
%    TITLE = {Differential forms in algebraic topology},
%    SERIES = {Graduate Texts in Mathematics},
%    VOLUME = {82},
% PUBLISHER = {Springer},
%      YEAR = {1995},
%}

%@book{brown,
%    AUTHOR = {Brown, Ronald},
%     TITLE = {Topology and Grupoids},
% PUBLISHER = {www.grupoids.org.uk},
%      YEAR = {2006},
%}

@book{maclane:71,
  AUTHOR = {MacLane, Saunders},
  TITLE = {Categories for the Working Mathematician},
  PUBLISHER = {Springer-Verlag, New York},
  YEAR = {1971},
  NOTE = {Graduate Texts in Mathematics, Vol. 5},
  PAGEs = {ix+262}
}

@Book{gabriel-zisman,
  AUTHOR = {Gabriel, Peter and Zisman, Michel},
  TITLE = {Calculus of Fractions and Homotopy Theory},
  PUBLISHER = {Springer-Verlag Berlin, New York},
  YEAR = {1967}
}

@misc{AT1Notes,
  SHORTHAND     = {AT1},
  AUTHOR        = {Stephan Schwede},
  TITLE         = {Lecture notes (unofficial) for Algebraic Topology I},
  NOTE          = {Winter Term 2021-22},
  URL           = {https://github.com/lrnmhl/AT1}
}

@book{schwede,
  PLACE     = {Cambridge},
  SERIES    = {New Mathematical Monographs},
  TITLE     = {Global Homotopy Theory},
  DOI       = {10.1017/9781108349161},
  PUBLISHER = {Cambridge University Press},
  AUTHOR    = {Schwede, Stefan},
  YEAR      = {2018},
  COLLECTION={New Mathematical Monographs}
}

@book{may,
  SERIES    = {Chicago Lectures in Mathematics},
  TITLE     = {Concise Homotopy Theory},
  PUBLISHER = {University of Chicago Press},
  AUTHOR    = {May, Peter},
  YEAR      = {1999},
  URL       = {http://www.math.uchicago.edu/~may/CONCISE/ConciseRevised.pdf}
}

@misc{rad,
  AUTHOR    = {Radulescu-Banu, Andrei},
  TITLE     = {Cofibrations in Homotopy Theory},
  YEAR      = {2009},
  URL       = {https://arxiv.org/pdf/math/0610009.pdf}
}
